<record><leader>00000cas a22000007a 4500</leader><controlfield tag="001">12956930</controlfield><controlfield tag="008">851227d18541857gaudn ne      0    0eng d</controlfield><datafield ind1=" " ind2=" " tag="010"><subfield code="a">sn 85027104 </subfield></datafield><datafield ind1=" " ind2=" " tag="040"><subfield code="a">NPX</subfield><subfield code="b">eng</subfield><subfield code="c">NPX</subfield><subfield code="d">NLG</subfield><subfield code="d">GUA</subfield><subfield code="d">DLC</subfield><subfield code="d">OCLCQ</subfield><subfield code="d">OCLCF</subfield></datafield><datafield ind1="1" ind2=" " tag="029"><subfield code="a">AU@</subfield><subfield code="b">000025473767</subfield></datafield><datafield ind1=" " ind2=" " tag="042"><subfield code="a">msc</subfield></datafield><datafield ind1=" " ind2=" " tag="043"><subfield code="a">n-us-ga</subfield></datafield><datafield ind1="0" ind2="0" tag="050"><subfield code="a">Newspaper</subfield></datafield><datafield ind1="0" ind2="4" tag="245"><subfield code="a">The Atlanta daily intelligencer.</subfield></datafield><datafield ind1="3" ind2="0" tag="246"><subfield code="a">Atlanta intelligencer</subfield></datafield><datafield ind1=" " ind2=" " tag="260"><subfield code="a">Atlanta, Ga. :</subfield><subfield code="b">W.B. Ruggles &amp; T.C. Howard,</subfield><subfield code="c">[1854-1857]</subfield></datafield><datafield ind1=" " ind2=" " tag="300"><subfield code="a">v.</subfield></datafield><datafield ind1=" " ind2=" " tag="310"><subfield code="a">Daily (except Mon.)</subfield></datafield><datafield ind1="1" ind2=" " tag="362"><subfield code="a">Began in Sept. 1854; ceased in Sept. 1857.</subfield><subfield code="z">Cf. Garrett, F.M. Atlanta and environs.</subfield></datafield><datafield ind1=" " ind2=" " tag="500"><subfield code="a">Publishers: W.B. Ruggles &amp; J.W. Duncan, &lt;1856&gt;-1857; J.W. Duncan, &lt;1857&gt;.</subfield></datafield><datafield ind1=" " ind2=" " tag="500"><subfield code="a">Editors: W.B. Ruggles &amp; J.W. Duncan, &lt;1856&gt;-1857; J.W. Duncan, &lt;1857&gt;.</subfield></datafield><datafield ind1=" " ind2=" " tag="580"><subfield code="a">Merged with: Atlanta daily examiner, to form: Atlanta daily intelligencer and examiner.</subfield></datafield><datafield ind1=" " ind2=" " tag="588"><subfield code="a">Description based on: Vol. 2, no. 184 (Apr. 29, 1856).</subfield></datafield><datafield ind1=" " ind2="0" tag="651"><subfield code="a">Atlanta (Ga.)</subfield><subfield code="v">Newspapers.</subfield></datafield><datafield ind1=" " ind2="0" tag="651"><subfield code="a">Fulton County (Ga.)</subfield><subfield code="v">Newspapers.</subfield></datafield><datafield ind1=" " ind2="7" tag="655"><subfield code="a">Newspapers.</subfield><subfield code="2">fast</subfield><subfield code="0">(OCoLC)fst01423814</subfield></datafield><datafield ind1=" " ind2="7" tag="651"><subfield code="a">Georgia</subfield><subfield code="z">Atlanta.</subfield><subfield code="2">fast</subfield><subfield code="0">(OCoLC)fst01204627</subfield></datafield><datafield ind1=" " ind2="7" tag="651"><subfield code="a">Georgia</subfield><subfield code="z">Fulton County.</subfield><subfield code="2">fast</subfield><subfield code="0">(OCoLC)fst01211153</subfield></datafield><datafield ind1=" " ind2=" " tag="752"><subfield code="a">United States</subfield><subfield code="b">Georgia</subfield><subfield code="c">Fulton</subfield><subfield code="d">Atlanta.</subfield></datafield><datafield ind1="0" ind2="8" tag="776"><subfield code="i">Online version:</subfield><subfield code="t">Atlanta daily intelligencer</subfield><subfield code="w">(DLC)  2010233900</subfield><subfield code="w">(OCoLC)613203660</subfield></datafield><datafield ind1="1" ind2="7" tag="785"><subfield code="t">Atlanta daily examiner</subfield><subfield code="w">(DLC)sn 85027105</subfield><subfield code="w">(OCoLC)12956970</subfield></datafield><datafield ind1="1" ind2="7" tag="785"><subfield code="t">Atlanta daily intelligencer and examiner</subfield><subfield code="w">(DLC)sn 89053737</subfield><subfield code="w">(OCoLC)20942274</subfield></datafield></record>